<?xml version="1.0" encoding="UTF-8"?><collection xmlns="http://www.loc.gov/MARC21/slim"><record><leader>00444nam--2200145-i-4500</leader><controlfield tag="001">000040716</controlfield><controlfield tag="002">20161230</controlfield><controlfield tag="005">20161230201042</controlfield><controlfield tag="008">060222s1000------------r-----000-0-eng-d</controlfield><datafield ind1=" " ind2=" " tag="080"><subfield code="a">538.911:548.0</subfield></datafield><datafield ind1=" " ind2=" " tag="100"><subfield code="a">Schubert,Konrad</subfield></datafield><datafield ind1=" " ind2=" " tag="245"><subfield code="a">Kristallstrukturen zweikomponentiger phasen. mit 273 abbildungen</subfield></datafield><datafield ind1=" " ind2=" " tag="260"><subfield code="a">Berlin, Springer-verlag, 1964. Xi + 432 P</subfield></datafield><datafield ind1=" " ind2=" " tag="490"><subfield code="a">Reine Und Angewandte Metallkunde In Winzeldarstellungen</subfield></datafield><datafield ind1=" " ind2=" " tag="852"><subfield code="a">75003</subfield></datafield></record></collection>